%
%  An example of a bibliographical database for bibTeX
%
%  Recommended software for maintenance of *.bib files:
%    JabRef, http://jabref.sourceforge.net/
%
%  BEWARE:
%
%    *  If a name contains a capital letter, which must be kept such,
%       use curly brackets ({T}hailand, {HIV}).
%
%  ===========================================================================

@article{ferrara2014web,
  title={Web data extraction, applications and techniques: A survey},
  author={Ferrara, Emilio and De Meo, Pasquale and Fiumara, Giacomo and Baumgartner, Robert},
  journal={Knowledge-based systems},
  volume={70},
  pages={301--323},
  year={2014},
  publisher={Elsevier}
}

@article{laender2002brief,
  title={A brief survey of web data extraction tools},
  author={Laender, Alberto HF and Ribeiro-Neto, Berthier A and da Silva, Altigran S and Teixeira, Juliana S},
  journal={ACM Sigmod Record},
  volume={31},
  number={2},
  pages={84--93},
  year={2002},
  publisher={ACM}
}

@article{furche2013oxpath,
  title={OXPath: A language for scalable data extraction, automation, and crawling on the deep web},
  author={Furche, Tim and Gottlob, Georg and Grasso, Giovanni and Schallhart, Christian and Sellers, Andrew},
  journal={The VLDB Journal},
  volume={22},
  number={1},
  pages={47--72},
  year={2013},
  publisher={Springer}
}

% w4f
@article{sahuguet2001building,
  title={Building intelligent web applications using lightweight wrappers},
  author={Sahuguet, Arnaud and Azavant, Fabien},
  journal={Data \& Knowledge Engineering},
  volume={36},
  number={3},
  pages={283--316},
  year={2001},
  publisher={Elsevier}
}

@article{brin1998can,
  title={What can you do with a web in your pocket?},
  author={Brin, Sergey and Motwani, Rajeev and Page, Lawrence and Winograd, Terry},
  journal={IEEE Data Eng. Bull.},
  volume={21},
  number={2},
  pages={37--47},
  year={1998}
}

@article{hammer1997TSIMMIS,
  title={Semistructured Data: The TSIMMIS Experience.},
  author={Hammer, Joachim and McHugh, Jason and Garcia-Molina, Hector},
  year={1997}
}
@article{ludascher1998FLORID,
  title={Managing semistructured data with florid: a deductive object-oriented perspective},
  author={Lud{\"a}scher, Bertram and Himmer{\"o}der, Rainer and Lausen, Georg and May, Wolfgang and Schlepphorst, Christian},
  journal={Information systems},
  volume={23},
  number={8},
  pages={589--613},
  year={1998},
  publisher={Elsevier}
}
@misc{html5,
url={https://www.w3.org/TR/html5/},
urldate={2016-4-24},
journal={W3.org},
year={2016}
}

@misc{css,
url={https://www.w3.org/TR/CSS/},
urldate={2016-4-24},
journal={W3.org},
year={2016}
}

@misc{xpath,
url={https://www.w3.org/TR/xpath-31/},
urldate={2016-4-24},
journal={W3.org},
year={2016}
}

@misc{cssSelectors,
url={https://www.w3.org/TR/selectors/},
urldate={2016-4-24},
journal={W3.org},
year={2016}
}

@misc{jQuery,
url={http://jquery.com/},
urldate={2016-4-24},
journal={W3.org},
year={2016}
}

@misc{jQuerySelectors,
url={https://api.jquery.com/category/selectors/},
urldate={2016-4-24},
journal={W3.org},
year={2016}
}

@inproceedings{kokkoras2013deixto,
  title={DEiXTo: a web data extraction suite},
  author={Kokkoras, Fotios and Ntonas, Konstantinos and Bassiliades, Nick},
  booktitle={Proceedings of the 6th Balkan Conference in Informatics},
  pages={9--12},
  year={2013},
  organization={ACM}
}

@inproceedings{baumgartner2001visual,
  title={Visual web information extraction with lixto},
  author={Baumgartner, Robert and Flesca, Sergio and Gottlob, Georg},
  booktitle={VLDB},
  volume={1},
  pages={119--128},
  year={2001}
}